<?xml version="1.0" encoding="UTF-8"?><collection xmlns="http://www.loc.gov/MARC21/slim"><record><leader>00368nam--2200133-i-4500</leader><controlfield tag="001">000018423</controlfield><controlfield tag="002">20161230</controlfield><controlfield tag="005">20170101230919</controlfield><controlfield tag="008">060222s1000------------r-----000-0-eng-d</controlfield><datafield ind1=" " ind2=" " tag="100"><subfield code="a">Fitchen, Franklin C</subfield></datafield><datafield ind1=" " ind2=" " tag="245"><subfield code="a">Transistor circuit analysis and design</subfield></datafield><datafield ind1=" " ind2=" " tag="260"><subfield code="a">Toronto, Van Nostrand Comp., Inc., 1960. XI + 356 P</subfield></datafield><datafield ind1=" " ind2=" " tag="852"><subfield code="a">13315</subfield></datafield><datafield ind1=" " ind2=" " tag="CAT"><subfield code="a">SYS</subfield><subfield code="c">20170101</subfield><subfield code="h">230919</subfield></datafield></record></collection>